%%
%% Q: Como adicionar novas entradas neste arquivo?
%%
%% A: Vá em scholar.google.com, em "Preferências do Google Acadêmico" e
%% então em "Mostre links para importar citações para o" selecione a opção
%% BibTeX. Agora procure pelo título do trabalho que você tem interesse e
%% veja que haverá um link abaixo do título com "Importe para o BibTeX".
%%
%% Caso não consiga achar no Google Scholar, você pode criar a entrada
%% manualmente. Note que os nomes dos autores devem estar escritos na forma
%% Sobrenome, Nome. Para mais autores, usa-se:
%% 
%%    Sobrenome1, Nome1 and Sobrenome2, Nome2
%%

@misc{umExemploDeCitacaoUsandoPaginasWeb,
	title={Um exemplo de URL de teste},
	author={Foolanovich, Foolano},
	url={http://bit.ly/4kb77v},
	urlaccessdate={jan. de 2010},
	year={2010}
}

@conference{joachims1998text,
	title={{Text categorization with support vector machines: learning with many relevant features}},
	author={Joachims, T. and Nedellec, C. and Rouveirol, C.},
	booktitle={Machine Learning: ECML-98 10th European Conference on Machine Learning},
	pages={137--142},
	year={1998},
	address={Chemnitz, Alemanha},
	organization={Springer}
}

@book{vapnik2000nature,
	title={{The nature of statistical learning theory}},
	author={Vapnik, V.N.},
	year={2000},
	address={Nova Iorque, Estados Unidos},
	publisher={Springer Verlag}
}

@thesis{semolini2002support,
	title={{Support vector machines, infer{\^e}ncia transdutiva e o problema de classifica{\c{c}}{\~a}o}},
	type={Dissertação de mestrado},
	author={Semolini, R.},
	address={Campinas, São Paulo},
	school={Universidade Estadual de Campinas. Faculdade de
		Engenharia Eletrica e de Computação},
	year={2002}
}

@book{normasUTP,
	title={{Normas técnicas}},
	author={Pucci, Alberto and Pires, Cândido and Piragis, Cleide
		Meirelles and Farah, Elisabeth and Lopes, Frederico Santos
			and Jacob, Lilian and Souza, Maria Antonia de and
			Santos, Romilda Aparecida dos},
	year={2006},
	address={Curitiba, Paraná},
	publisher={Universidade Tuiuti do Paraná}
}
